<?xml version="1.0" encoding="UTF-8"?><collection xmlns="http://www.loc.gov/MARC21/slim"><record><leader>00351nam--2200133-i-4500</leader><controlfield tag="001">000031688</controlfield><controlfield tag="002">20161230</controlfield><controlfield tag="005">20161230201038</controlfield><controlfield tag="008">060222s1000------------r-----000-0-eng-d</controlfield><datafield ind1=" " ind2=" " tag="100"><subfield code="a">Macwilliams, B.J</subfield></datafield><datafield ind1=" " ind2=" " tag="245"><subfield code="a">Sloane, n.j.a</subfield></datafield><datafield ind1=" " ind2=" " tag="260"><subfield code="a">The Theory Of Error-correcting Codes</subfield></datafield><datafield ind1=" " ind2=" " tag="490"><subfield code="a">North-holland Mathematical Library</subfield></datafield><datafield ind1=" " ind2=" " tag="852"><subfield code="a">621.391:519.72.5.6</subfield></datafield></record></collection>